<?xml version="1.0" encoding="UTF-8"?><collection xmlns="http://www.loc.gov/MARC21/slim"><record><leader>00459nam--2200169-i-4500</leader><controlfield tag="001">000046287</controlfield><controlfield tag="002">20161230</controlfield><controlfield tag="005">20161230201045</controlfield><controlfield tag="008">060222s1000------------r-----000-0-eng-d</controlfield><datafield ind1=" " ind2=" " tag="040"><subfield code="a">IFIN-HH</subfield></datafield><datafield ind1=" " ind2=" " tag="080"><subfield code="a">533.951</subfield></datafield><datafield ind1="1" ind2=" " tag="100"><subfield code="a">Vandenplas, Paul E</subfield></datafield><datafield ind1="1" ind2="0" tag="245"><subfield code="a">Electron waves and resonances in bounded plasmas</subfield><subfield code="c">Paul e. vandenplas</subfield></datafield><datafield ind1=" " ind2=" " tag="260"><subfield code="a">London, Interscience Publ., 1968,</subfield></datafield><datafield ind1=" " ind2=" " tag="300"><subfield code="a">XIV+222P</subfield></datafield><datafield ind1=" " ind2=" " tag="852"><subfield code="a">77164</subfield><subfield code="c">533.9</subfield></datafield><datafield ind1=" " ind2=" " tag="CAT"><subfield code="a">Sys</subfield><subfield code="c">20101002</subfield><subfield code="h">135141</subfield></datafield></record></collection>